% ------------------------------------------------------------------
%     BibTeX Abbreviations
% ------------------------------------------------------------------

% SIAM Journals
@string { simax = "SIAM J. Matrix Anal. Appl." }
@string { siopt = "SIAM J. Optim." }
@string { sirev = "SIAM Rev." }
@string { sisc  = "SIAM J. Sci. Comput." }

% ACM Journals
@string { toms  = "ACM Trans. Math. Software" }

% Mischellaneous
@string { jcp   = "J. Comp. Phys." }
@string { jcc   = "J. Comput. Chem." }

% Publishers
@string { academic          = "Academic Press" }
@string { academic:addr-ny  = "New York" }
@string { academic:addr-b   = "Boston, MA, USA" }
@string { academic:addr-s   = "San Diego, CA, USA" }
@string { academic:addr-l   = "London" }
@string { acm               = "ACM Press" }
@string { acm:addr          = "New York" }
@string { ams               = "American Mathematical Society" }
@string { ams:addr          = "Providence, RI, USA" }
@string { cambridge         = "Cambridge University Press" }
@string { cambridge:addr    = "Cambridge, UK" }
@string { elsevier          = "Elsevier" }
@string { elsevier:addr     = "Amsterdam, The Netherlands" }
@string { john-hopkins      = "Johns Hopkins University Press" }
@string { john-hopkins:addr = "Baltimore, MD, USA" }
@string { mit               = "The MIT Press"}
@string { mit:addr          = "Cambridge, MA, USA" }
@string { oxford            = "Oxford University Press" }
@string { oxford:addr       = "New York" }
@string { siam              = "Society for Industrial and Applied Mathematics" }
@string { siam:addr         = "Philadelphia, PA, USA" }
@string { springer          = "Springer" }
@string { springer:addr-b   = "Berlin Heidelberg"}
@string { springer:addr-c   = "Cham, Switzerland"}
@string { springer:addr-l   = "London"}
@string { springer:addr-ny  = "New York"}
@string { wiley             = "Wiley" }
@string { wiley:addr        = "New York"}
